<record><leader>00000cas a22000007a 4500</leader><controlfield tag="001">24046845</controlfield><controlfield tag="008">910710d193219uunhumr ne      0    0eng d</controlfield><datafield ind1=" " ind2=" " tag="010"><subfield code="a">sn 91063161 </subfield></datafield><datafield ind1=" " ind2=" " tag="040"><subfield code="a">NVH</subfield><subfield code="b">eng</subfield><subfield code="c">NVH</subfield><subfield code="d">OCLCQ</subfield></datafield><datafield ind1=" " ind2=" " tag="042"><subfield code="a">msc</subfield></datafield><datafield ind1="0" ind2="4" tag="245"><subfield code="a">The Rural advocate of the Deering Community Center movement.</subfield></datafield><datafield ind1=" " ind2=" " tag="260"><subfield code="a">Deering, N.H. :</subfield><subfield code="b">Rural Movement of the Deering Community Center</subfield></datafield><datafield ind1=" " ind2=" " tag="310"><subfield code="a">Monthly</subfield></datafield><datafield ind1="0" ind2=" " tag="362"><subfield code="a">Vol. 1, no. 2 (Feb. 1, 1932)-</subfield></datafield><datafield ind1=" " ind2=" " tag="752"><subfield code="a">United States</subfield><subfield code="b">New Hampshire</subfield><subfield code="c">Hillsborough</subfield><subfield code="d">Deering.</subfield></datafield><datafield ind1="0" ind2="0" tag="780"><subfield code="t">Deering advocate</subfield><subfield code="w">(DLC)sn 91063162</subfield></datafield></record>